@misc{totis,
    title     = {{Fritos Totis}},
    howpublished = {\url{http://www.totis.com.mx/}},
    note = {Accedido el 24-02-2020}
}

@misc{excel,
    title = {{File formats that are supported in Excel}},
    howpublished = {\url{https://support.office.com/en-us/article/file-formats-that-are-supported-in-excel-0943ff2c-6014-4e8d-aaea-b83d51d46247}},
    note = {Accedido el 24-02-2020}
}

@misc{preparacion,
    author = {{Elisa Schaeffer}},
    title = {{Práctica 1: Preparación de los datos con \texttt{bash}}},
    howpublished = {\url{https://elisa.dyndns-web.com/teaching/comp/datasci/p1.html}},
    note = {Accedido el 24-02-2020}
}

@misc{csv,
    author = {{Gerrit J.J. van den Burg}},
    title = {{Handling Messy \texttt{CSV} Files}},
    howpublished = {\url{https://towardsdatascience.com/handling-messy-csv-files-2ef829aa441d}},
    note = {Accedido el 24-02-2020}
}

@misc{datetime,
    author = {{Python Software Foundation}},
    title = {{\texttt{datetime} -- Basic date and time types}},
    howpublished = {\url{https://docs.python.org/3.8/library/datetime.html}},
    note = {Accedido el 24-02-2020}
}